@thesis{Stone2007,
   author = {J.C. Stone},
   institution = {Texas A\&M},
   title = {Adaptive discrete-ordinates algorithms and strategies},
   year = {2007},
}
@book{Lewis,
   author = {E.E. Lewis and W.F. Miller},
   publisher = {Wiley-Interscience},
   title = {Computational methods of neutron transport},
   year = {1984},
}
@book{Hebert,
   author = {A. HÃ©bert},
   publisher = {Presses inter Polytechnique},
   title = {Applied Reactor Physics},
   year = {2009},
}
@report{Lathrop,
   author = {K.D. Lathrop and B.G. Carlson},
   institution = {Los Alamos Scientific Lab.},
   title = {Discrete ordinates angular quadrature of the neutron transport equation},
   year = {1964},
}

@incollection{Knott,
  author    = "D. Knott and A. Yamamoto",
  title     = "Lattice Physics Computations",
  booktitle = "Handbook of Nuclear Engineering",
  publisher = "Springer",
  year      = "2010",
  editor    = "D.G. Cacuci",
  chapter   = "",
  pages     = "",
  month     = "",
}
@book{Duderstadt,
   author = {J.J. Duderstadt and L.J. Hamilton},
   city = {New York},
   publisher = {John Wiley and Sons, Inc.},
   title = {Nuclear {R}eactor {A}nalysis},
   year = {1976},
}

@article{Moler,
author = {Moler, C. and Van Loan, C.},
title = {Nineteen Dubious Ways to Compute the Exponential of a Matrix, Twenty-Five Years Later},
journal = {SIAM Review},
volume = {45},
number = {1},
pages = {3-49},
year = {2003},
}

@phdthesis{Pusa,
  author  = "M. Pusa",
  title   = "Numerical methods for nuclear fuel burnup calculations",
  school  = "Aalto University",
  year    = "2013"
}